% Use this file for citations not found in the ACL Anthology (contained in "anthology.bib").


@article{Staub:2007,
  title = {The Return of the Repressed},
  shorttitle = {The Return of the Repressed},
  author = {Staub, A.},
  year = {2007},
  month = aug,
  volume = {57},
  pages = {299--323},
  issn = {0749596X},
  doi = {10.1016/j.jml.2006.09.001},
  journal = {Journal of Memory and Language},
  language = {en},
  number = {2}
}


@article{Smallwood:2011,
  title = {Mind-WanderingWhile Reading},
  shorttitle = {Mind-Wandering {{While Reading}}},
  author = {Smallwood, J.},
  year = {2011},
  month = feb,
  volume = {5},
  pages = {63--77},
  issn = {1749818X},
  doi = {10.1111/j.1749-818X.2010.00263.x},
  journal = {Language and Linguistics Compass},
  language = {en},
  number = {2}
}

@Article{loo,
	title = {Practical Bayesian model evaluation using leave-one-out cross-validation and WAIC.},
	author = {Vehtari, A. and Gelman A. and Gabry J. },
	year = {2017},
      journal = {Statistics and Computing},
      volume = {27},
	url = { https://doi.org/10.1007/s11222-016-9696-4},
}

@Misc{ibexfarm,
	title = {Ibex Farm},
	author = {Drummond, A.},
	year = {2013},
	url = {http://spellout.net/ibexfarm/},
}

@Misc{rstan,
	title = {{RStan}: the {R} interface to {Stan}},
	author = {{Stan Development Team}},
	note = {R package version 2.19.3},
	year = {2020},
	url = {http://mc-stan.org/},
}
@Article{R-brms,
  title = {Advanced {Bayesian} Multilevel Modeling with the {R} Package {brms}},
  author = {Paul-Christian BÃ¼rkner},
  journal = {The R Journal},
  year = {2018},
  volume = {10},
  number = {1},
  pages = {395--411},
  encoding = {UTF-8},
}

@Manual{R-base,
  title = {R: A Language and Environment for Statistical Computing},
  author = {{R Core Team}},
  organization = {R Foundation for Statistical Computing},
  address = {Vienna, Austria},
  year = {2018},
  url = {https://www.R-project.org/},
}

@article{BatchelderRiefer:1999,
  title = {Theoretical and Empirical Review of Multinomial Process Tree Modeling},
  author = {Batchelder, William H. and Riefer, David M.},
  year = {1999},
  month = mar,
  volume = {6},
  pages = {57--86},
  issn = {1069-9384, 1531-5320},
  doi = {10.3758/BF03210812},
  file = {/home/pavel3/snap/zotero-snap/common/Zotero/storage/XQ79ZL92/Batchelder and Riefer - 1999 - Theoretical and empirical review of multinomial pr.pdf},
  journal = {Psychonomic Bulletin \& Review},
  language = {en},
  number = {1}
}

@article{ErdfelderEtAl:2009,
  title = {Multinomial {{Processing Tree Models}}: {{A Review}} of the {{Literature}}},
  shorttitle = {Multinomial {{Processing Tree Models}}},
  author = {Erdfelder, E. and Auer, T. and Hilbig, B. and A{\ss}falg, A. and Moshagen, M. and Nadarevic, L.},
  year = {2009},
  month = jan,
  volume = {217},
  pages = {108--124},
  issn = {0044-3409},
  doi = {10.1027/0044-3409.217.3.108},
journal = {Journal of Psychology},
  language = {en},
  number = {3}
}


@article{GrilloEtAl:2015,
  title = {Highs and {{Lows}} in {{English Attachment}}},
  author = {Grillo, Nino and Costa, Jo{\~a}o and Fernandes, Bruno and Santi, Andrea},
  year = {2015},
  month = nov,
  volume = {144},
  pages = {116--122},
  issn = {00100277},
  doi = {10.1016/j.cognition.2015.07.018},
    journal = {Cognition},
  language = {en}
}

@article{McRaeEtAl:1998,
  title = {Modeling the {{Influence}} of {{Thematic Fit}} in {{On}}-Line {{Sentence Comprehension}}},
  author = {McRae, K. and {Spivey-Knowlton}, M.J. and Tanenhaus, M.K.},
  year = {1998},
  month = apr,
  volume = {38},
  issn = {0749596X},
  doi = {10.1006/jmla.1997.2543},
  journal = {Journal of Memory and Language},
  language = {en},
  number = {3}
}



@article{Akal:2021,
  title = {Recency Preference in Ambiguous Relative Clause Attachment in {{Turkish}}},
  author = {Akal, Taylan},
  year = {2021},
  volume = {17},
journal = {Journal of Language and Linguistic Studies},
  language = {en}
}

@incollection{Dinctopal-Deniz:2010,
  title = {Relative Clause Attachment Preferences of {{Turkish L2}} Speakers of {{English}}},
  shorttitle = {Relative Clause Attachment Preferences of {{Turkish L2}} Speakers of {{English}}},
  booktitle = {Language {{Acquisition}} and {{Language Disorders}}},
  author = {{Din{\c c}topal-Deniz}, Nazik},
  editor = {VanPatten, Bill and Jegerski, Jill},
  year = {2010},
  publisher = {{John Benjamins Publishing Company}},
  address = {{Amsterdam}},
  doi = {10.1075/lald.53.02din},
  isbn = {978-90-272-5315-6 978-90-272-8748-9},
  language = {en}
}

@article{MaiaEtAl:2007,
  title = {Early and Late Preferences in Relative Clause Attachment in {{Portuguese}} and {{Spanish}}},
  author = {Maia, Marcus and Fern{\'a}ndez, Eva M. and Costa, Armanda and Louren{\c c}o Gomes, Maria do Carmo},
  year = {2007},
  month = jun,
  volume = {6},
  pages = {227},
  issn = {2397-5563, 1645-4537},
  doi = {10.5334/jpl.151},
journal = {Journal of Portuguese Linguistics},
  language = {en},
  number = {1}
}

@article{Kirkici:2004,
  title = {The Processing of Relative Clause Attachment Ambiguities in {{Turkish}}},
  author = {K{\i}rk{\i}c{\i}, Bilal},
  year = {2004},
  volume = {8},
  pages = {111--121},
  journal = {Turkic Languages},
  language = {en}
}

@article{GilboyEtAl:1995,
  title = {Argument Structure and Association Preferences in {{Spanish}} and {{English}} Complex {{NPs}}},
  author = {Gilboy, E. and Sopena, J.-M. and Clifton, C. and Frazier, L.},
  year = {1995},
  month = feb,
  volume = {54},
  pages = {131--167},
  issn = {00100277},
  doi = {10.1016/0010-0277(94)00636-Y},
  journal = {Cognition},
  language = {en},
  number = {2}
}
@incollection{CuetosEtAl:1996,
  title = {Parsing in Different Languages},
  booktitle = {Language {{Processing}} in {{Spanish}}},
  author = {Cuetos, Fernando and Mitchell, Don C. and Corley, Martin},
  year = {1996},
  publisher = {{Erlbaum}},
  address = {{Hillsdale, NJ}}
}

@inproceedings{Hale:2001,
  title = {A Probabilistic Earley Parser as a Psycholinguistic Model},
  booktitle = {Second Meeting of the {{North American Chapter}} of the {{Association}} for {{Computational Linguistics}} on {{Language}} Technologies 2001  - {{NAACL}} '01},
  author = {Hale, John},
  year = {2001},
  pages = {1--8},
  publisher = {{Association for Computational Linguistics}},
  address = {{Pittsburgh, Pennsylvania}},
  doi = {10.3115/1073336.1073357}
}

@article{Levy:2008,
  title = {Expectation-Based Syntactic Comprehension},
  author = {Levy, Roger},
  year = {2008},
  month = mar,
  volume = {106},
  pages = {1126--1177},
  issn = {00100277},
  doi = {10.1016/j.cognition.2007.05.006},
  journal = {Cognition},
  language = {en},
  number = {3}
}

@incollection{Frazier:1987,
  title = {Sentence {{Processing}}: {{A Tutorial Review}}},
  booktitle = {Attention and {{Performance XII}}},
  author = {Frazier, Lyn},
  editor = {Coltheart, Max},
  year = {1987},
  publisher = {{Erlbaum}},
  address = {{Hillsdale, NJ}},
  file = {/home/pavel3/snap/zotero-snap/common/Zotero/storage/DYXJJPEG/Frazier - 1987 - Sentence Processing A Tutorial Review.pdf}
}

@article{CuetosMitchell:1988,
  title = {Cross-Linguistic Differences in Parsing},
  shorttitle = {Cross-Linguistic Differences in Parsing},
  author = {Cuetos, Fernando and Mitchell, Don C.},
  year = {1988},
  month = oct,
  volume = {30},
  pages = {73--105},
  issn = {00100277},
  doi = {10.1016/0010-0277(88)90004-2},
  file = {/home/pavel3/snap/zotero-snap/common/Zotero/storage/3HTGD2VQ/cuetos1988.pdf},
  journal = {Cognition},
  number = {1}
}

@techreport{DillonWagers:2019,
  title = {Approaching Gradience in Acceptability with the Tools of Signal Detection Theory},
  author = {Dillon, Brian and Wagers, Matthew},
  year = {2019},
  month = nov,
  institution = {{Open Science Framework}},
  doi = {10.31219/osf.io/apxru},
  language = {en},
  type = {Preprint}
}


@article{SwetsEtAl:2008,
  title = {Underspecification of Syntactic Ambiguities: {{Evidence}} from Self-Paced Reading},
  shorttitle = {Underspecification of Syntactic Ambiguities},
  author = {Swets, B. and Desmet, T. and Clifton, C. and Ferreira, F.},
  year = {2008},
  month = jan,
  volume = {36},
  pages = {201--216},
  issn = {0090-502X, 1532-5946},
  doi = {10.3758/MC.36.1.201},
  copyright = {All rights reserved},
  file = {/home/pavel3/snap/zotero-snap/common/Zotero/storage/GQT7XNU7/Swets et al. - 2008 - Underspecification of syntactic ambiguities Evide.pdf},
  journal = {Memory \& Cognition},
  language = {en},
  number = {1}
}


@article{Chandra:81,
	author = {Ashok K. Chandra and Dexter C. Kozen and Larry J. Stockmeyer},
	year = "1981",
	title = {Alternation},
	journal = {Journal of the Association for Computing Machinery},
	volume = "28",
	number = "1",
	pages = "114--133",
	doi = "10.1145/322234.322243",
}

@book{Aho:72,
    author  = {Alfred V. Aho and Jeffrey D. Ullman},
    title   = {The Theory of Parsing, Translation and Compiling},
    year    = "1972",
    volume  = "1",
    publisher = {Prentice-Hall},
    address = {Englewood Cliffs, NJ}
}

@book{APA:83,
    author  = {{American Psychological Association}},
    title   = {Publications Manual},
    year    = "1983",
    publisher = {American Psychological Association},
    address = {Washington, DC}
}

@article{Chandra:81,
	author = {Ashok K. Chandra and Dexter C. Kozen and Larry J. Stockmeyer},
	year = "1981",
	title = {Alternation},
	journal = {Journal of the Association for Computing Machinery},
	volume = "28",
	number = "1",
	pages = "114--133",
	doi = "10.1145/322234.322243",
}

@inproceedings{andrew2007scalable,
  title={Scalable training of {L1}-regularized log-linear models},
  author={Andrew, Galen and Gao, Jianfeng},
  booktitle={Proceedings of the 24th International Conference on Machine Learning},
  pages={33--40},
  year={2007},
}

@book{Gusfield:97,
    author  = {Dan Gusfield},
    title   = {Algorithms on Strings, Trees and Sequences},
    year    = "1997",
    publisher = {Cambridge University Press},
    address = {Cambridge, UK}
}

@article{rasooli-tetrault-2015,
    author    = {Mohammad Sadegh Rasooli and Joel R. Tetreault},
    title     = {Yara Parser: {A} Fast and Accurate Dependency Parser},
    journal   = {Computing Research Repository},
    volume    = {arXiv:1503.06733},
    year      = {2015},
    url       = {http://arxiv.org/abs/1503.06733},
    note    = {version 2}
}

@article{Ando2005,
	Acmid = {1194905},
	Author = {Ando, Rie Kubota and Zhang, Tong},
	Issn = {1532-4435},
	Issue_Date = {12/1/2005},
	Journal = {Journal of Machine Learning Research},
	Month = dec,
	Numpages = {37},
	Pages = {1817--1853},
	Publisher = {JMLR.org},
	Title = {A Framework for Learning Predictive Structures from Multiple Tasks and Unlabeled Data},
	Volume = {6},
	Year = {2005}
}
